
@misc{ipums_2020,
  author = {Flood, Sarah and King, Miriam and Rodgers, Renae and  Ruggles, Steven and Warren, J. Robert },
  note = {Integrated Public Use Microdata Series, Current Population Survey: Version 7.0 [dataset]. Minneapolis, MN: IPUMS, 2020. \url{https://doi.org/10.18128/D030.V7.0}},
}

@book{stock_watson_2019, 
  title={Introduction to econometrics}, 
  publisher={Pearson}, 
  year={2019},
  author={Stock, James H. and Watson, Mark W.}, 
  edition={Fourth},
}

@book{wooldridge_2020, 
  title={Introductory econometrics: a modern approach},
  publisher={Cengage}, 
  year={2020},
  author={Wooldridge, Jeffrey M.},
  edition={Seventh},  
}


@book{christopher_2006, 
  title={An introduction to modern econometrics using stata}, 
  publisher={Stata Press}, 
  year={2006},
  author={Baum, Christopher F.},  
}

@book{studenmund_2017, 
  title={Using econometrics: a practical guide}, 
  publisher={Pearson}, 
  year={2017},
  author={Studenmund, A. H.},  
  edition={Seventh}
}

@book{kuter_nachtsheim_neter_li_2005, 
  title={Applied linear statistical models}, 
  publisher={McGraw-Hill/Irwin}, 
  year={2005},
  author={Kutner, Michael and Nachtsheim, Christopher and Neter, John and Li, William},  
  edition={Fifth}
}